@PHDTHESIS{Chandlee14,
  title={Strictly Local Phonological Processes},
  author={Chandlee, Jane},
  year={2014},
  school={University of Delaware},
  url={http://udspace.udel.edu/handle/19716/13374}
}

@Article{	  Graf10PLC,
  author	= {Graf, Thomas},
  title		= {Comparing Incomparable Frameworks: A Model Theoretic
		  Approach to Phonology},
  year		= {2010},
  journal	= {University of Pennsylvania Working Papers in Linguistics},
  volume	= {16},
  pages		= {Article 10},
  number	= {2},
  url		= {http://repository.upenn.edu/pwpl/vol16/iss1/10}
}

@MastersThesis{	  Graf10Thesis,
  author	= {Graf, Thomas},
  title		= {Logics of Phonological Reasoning},
  year		= {2010},
  school	= {University of California, Los Angeles},
  url		= {http://thomasgraf.net/doc/papers/LogicsOfPhonologicalReasoning.pdf}
		  
}

@Unpublished{	  Graf16Phonology,
  author	= {Graf, Thomas},
  title		= {The Power of Locality Domains in Phonology},
  year		= {2016},
  note		= {Ms., Stony Brook University}
}

@Unpublished{	  GrafHeinz16JOLLI,
  author	= {Graf, Thomas and Heinz, Jeffrey},
  title		= {Tier-Based Strict Locality in Phonology and Syntax},
  year		= {2016},
  note		= {Ms., Stony Brook University and University of Delaware}
}

@InProceedings{	  Heinz.etal11,
  author	= {Heinz, Jeffrey and Rawal, Chetan and Tanner, Herbert G.},
  title		= {Tier-Based Strictly Local Constraints in Phonology},
  year		= {2011},
  booktitle	= {Proceedings of the 49th Annual Meeting of the Association
		  for Computational Linguistics},
  pages		= {58--64},
  url		= {http://www.aclweb.org/anthology/P11-2011}
}

@Article{	  Heinz.etal12,
  author	= {Heinz, Jeffrey and Kasprzik, Anna and Kötzing, Timo},
  title		= {Learning with Lattice-Structure Hypothesis Spaces},
  year		= {2012},
  journal	= {Theoretical Computer Science},
  volume	= {457},
  pages		= {111--127}
}

@Unpublished{	  Heinz15,
  author	= {Heinz, Jeffrey},
  title		= {The Computational Nature of Phonological Generalizations},
  year		= {2015},
  note		= {Ms., University of Delaware},
  url		= {http://www.socsci.uci.edu/~lpearl/colareadinggroup/readings/Heinz2015BC_Typology.pdf}
		  
}

@Article{	  Jardine15,
  author	= {Jardine, Adam},
  title		= {Computationally, Tone is Different},
  year		= {2015},
  journal	= {Phonology},
  note		= {to appear},
  url		= {http://udel.edu/~ajardine/files/jardinemscomputationallytoneisdifferent.pdf}
		  
}

@Article{	  JardineHeinz16,
  author	= {Jardine, Adam and Heinz, Jeffrey},
  title		= {Learning Tier-Based Strictly 2-Local Languages},
  year		= {2016},
  journal	= {Transactions of the ACL},
  volume	= {4},
  pages		= {87--98},
  url		= {https://aclweb.org/anthology/Q/Q16/Q16-1007.pdf}
}

@Article{	  KaplanKay94,
  author	= {Kaplan, Ronald M. and Kay, Martin},
  title		= {Regular Models of Phonological Rule Systems},
  year		= {1994},
  journal	= {Computational Linguistics},
  volume	= {20},
  pages		= {331--378},
  number	= {3},
  url		= {http://www.aclweb.org/anthology/J94-3001.pdf}
}

@InProceedings{	  Karttunen.etal92,
  author	= {Karttunen, Lauri and Kaplan, Ronald M. and Zaenen, Annie},
  title		= {Two-Level Morphology with Composition},
  year		= {1992},
  booktitle	= {COLING'92},
  pages		= {141--148},
  url		= {http://www.aclweb.org/anthology/C92-1025}
}

@Book{		  McNaughtonPappert71,
  author	= {McNaughton, Robert and Papert, Seymour},
  title		= {Counter-Free Automata},
  year		= {1971},
  publisher	= {MIT Press},
  address	= {Cambridge, MA}
}

@InCollection{	  Rogers.etal10,
  author	= {Rogers, James and Heinz, Jeffrey and Bailey, Gil and
		  Edlefsen, Matt and Vischer, Molly and Wellcome, David and
		  Wibel, Sean},
  title		= {On Languages Piecewise Testable in the Strict Sense},
  year		= {2010},
  editor	= {Ebert, Christan and Jäger, Gerhard and Michaelis, Jens},
  booktitle	= {The Mathematics of Language},
  publisher	= {Springer},
  address	= {Heidelberg},
  pages		= {255--265},
  volume	= {6149},
  series	= {Lecture Notes in Artificial Intelligence},
  doi		= {10.1007/978-3-642-14322-9_19},
  url		= {http://dx.doi.org/10.1007/978-3-642-14322-9_19}
}

@Article{	  RogersPullum11,
  author	= {Rogers, James and Pullum, Geoffrey K.},
  title		= {Aural Pattern Recognition Experiments and the Subregular
		  Hierarchy},
  year		= {2011},
  journal	= {Journal of Logic, Language and Information},
  volume	= {20},
  pages		= {329--342}
}

@InCollection{	  RuizEtAl98,
  author	= {Ruiz, Jos{\'e} and Espa{\~{n}}a, Salvador and Garc{\'i}a,
		  Pedro},
  editor	= {Honavar, Vasant and Slutzki, Giora},
  title		= {Locally threshold testable languages in strict sense:
		  Application to the inference problem},
  booktitle	= {Grammatical Inference: 4th International Colloquium,
		  {ICGI}-98 {A}mes, {I}owa, {USA}, {J}uly 12--14, 1998
		  Proceedings},
  year		= {1998},
  publisher	= {Springer},
  address	= {Berlin},
  pages		= {150--161}
}

@Article{	  Shieber85,
  author	= {Shieber, Stuart M.},
  title		= {Evidence against the context-freeness of natural
		  language},
  year		= {1985},
  journal	= {Linguistics and Philosophy},
  volume	= {8},
  pages		= {333--345},
  number	= {3},
  doi		= {10.1007/BF00630917}
}
