 @phdthesis{McMullin2016,
  series={Electronic Theses and Dissertations (ETDs) 2008+}, 
  title={Tier-based locality in long-distance phonotactics?: learnability and typology}, 
  url={https://oc-web.library.ubc.ca/cIRcle/collections/24/items/1.0228114},
   DOI={http://dx.doi.org/10.14288/1.0228114},
   school={University of British Columbia},
    author={McMullin, Kevin James}, 
    year={2016}, month={Feb},
     collection={Electronic Theses and Dissertations (ETDs) 2008+}
     }


@article{Heinz2011a,
	author = {Heinz, Jeffrey},
	year = "2011",
	title = {Computional Phonology -- Part 1: Foundations},
	journal = {Language and Linguistics Compass},
	volume = "5",
	number = "4",
	pages = "140--152"
}

@article{Heinz2011b,
	author = {Heinz, Jeffrey},
	year = "2011",
	title = {Computional Phonology -- Part 2: Grammars, Learning, and the Future},
	journal = {Language and Linguistics Compass},
	volume = "5",
	number = "4",
	pages = "153--168"
}

@article{Shieber1985,
	author = {Shieber, Stuart M.},
	year = "1985",
	title = {Evidence Against the Context-Freeness of Natural Language},
	journal = {Linguistics and Philosophy},
	volume = "8",
	number = "3",
	pages = "333--343"
}

@article{JagerRogers,
	author = {J\"{a}ger, Gerhard and James Rogers},
	year = "2012",
	title = {Formal Language Theory: Refining the Chomsky Hierarchy},
	journal = {Philosophical Transactions of the Royal Society B: Biological Sciences},
	volume = "367",
	number = "1598",
	pages = "1956--1970"
}


@inbook{OncinaGarcia91,
	author = {Oncina, J. and Garc\'{\i}a, P.},
	year = {1991},
	title = {Inductive learning of subsequential functions},
	chapter = {},
	publisher = {Univ. Politecnica de Valencia, Tech. Rep., DSIC II-34},
	pages = ""
}

 
 
@article{OwensReppyTuron,
	author = {Owens, Scott and John Reppy and Aaron Turon},
	year = "2009",
	title = {Regular-expression derivatives reexamined},
	journal = {Journal of Functional Programming},
	volume = "19",
	number = "2",
	pages = "173--190"
}


@article{Nerode58,
	author = {Nerode, Anil},
	year = "1958",
	title = {Linear Automaton Transformations},
	journal = {Proceedings of the American Mathematical Society},
	volume = "9",
	number = "4",
	pages = "541--544"
}

@article{RogersPullum,
	author = {Rogers, James and Geoffrey K. Pullum},
	year = "2011",
	title = {Aural Pattern Recognition Experiments and the Subregular Hierarchy},
	journal = {Journal of Logic, Language and Information},
	volume = "20",
	number = "3",
	pages = "329--342"
}

@inproceedings{HeinzRawalTanner,
 author = {Heinz, Jeffrey and Rawal, Chetan and Tanner, Herbert},
 title = {Tier-based Strictly Local Constraints for Phonology},
 booktitle = {Proceedings of the 49th Annual Meeting of the Association for Computational Linguistics: Human Language Technologies: Short Papers - Volume 2},
 series = {HLT '11},
 year = {2011},
 isbn = {978-1-932432-88-6},
 location = {Portland, Oregon},
 pages = {58--64},
 numpages = {7},
 url = {http://dl.acm.org/citation.cfm?id=2002736.2002750},
 acmid = {2002750},
 publisher = {Association for Computational Linguistics},
 address = {Stroudsburg, PA, USA}
} 


@inbook{rogers0,
	author = {Rogers, James and Jeffrey Heinz and Margaret Fero and Jeremy Hurst and Dakotah Lambert and Sean Wibel},
	year = "2013",
	title = {Cognitive and Sub-regular Complexity},
	chapter = {Formal Grammar},
	pages = "90--108",
	publisher = {Springer}
}


@inbook{rogers1,
	author = {Rogers, James and Jeffrey Heinz and Gil Bailey and Matt Edlefsen and Molly Visscher and David Wellcome and Sean Wibel},
	year = "2010",
	title = {On Languages Piecewise Testable in the Strict Sense},
	chapter = {Lecture Notes in Computer Science},
	pages = "255--265",
	publisher = {Springer}
}

@book{McNaughtonPapert,
    author  = {McNaughton, Robert and Seymour Papert},
    title   = {Counter-Free Automata},
    year    =  "1971",
    volume  = "",
    publisher = {MIT Press},
    address = {Cambridge}
}

@phdthesis{chandleephd,
    author  = {Chandlee, Jane},
    title   = {Strictly Local Phonological Processes},
    year    =  "2014",
    school = {University of Delaware}
}

@article{Mahdi,
	author = {Mahdi, Waruno},
	year = "2012",
	title = {Distinguishing Cognate Homonyms in Indonesian},
	journal = {Oceanic Linguistics},
	volume = "51",
	number = "2",
	pages = "402--449"
}

@book{indgram,
    author  = {Sneddon, James Neil},
    title   = {Indonesian Comprehensive Grammar},
    year    = "1996",
    volume  = "",
    publisher = {Routledge},
    address = {London and New York}
}

@article{ChEyrHeinz,
	author = {Chandlee, Jane and Remi Eyraud and Jeffrey Heinz},
	year = "2014",
	title = {Learning Strictly Local Subsequential Functions},
	journal = {Transactions of the Association for Computational Linguistics},
	volume = "2",
	number = "",
	pages = "491--503"
}

@unpublished{Stump,
	author = {Stump, Greg},
	year = "2016",
	title = {Rule composition in an adequate theory of morphotactics},
	note = {Manuscript}
}

@article{Lai,
	author = {Lai, Regine},
	year = "2015",
	title = {Learnable vs. Unlearnable Harmony Patterns},
	journal = {Linguistic Inquiry},
	volume = "46",
	number = "3",
	pages = "425--451"
}

@book{ilocano,
    author  = {Galvez Rubino, Carl R.},
    title   = {Ilocano: Ilocano-English, English-Ilocano: Dictionary and Phrasebook},
    year    = "1998",
    volume  = "",
    publisher = {Hippocrene Books Inc.},
    address = {U.S.}
}

@article{mbah,
	author = {Mbah, Boniface M.},
	year = "2012",
	title = {Circumfixation: Interface of Morphology and Syntax in Igbo Derivational Morphology},
	journal = {Journal Of Humanities And Social Science},
	volume = "5",
	number = "6",
	pages = "1--8"
}

@article{aslan,
	author = {Aslan, Erhan and Asli Altan},
	year = "1998",
	title = {The role of \textit{-(s)\textsci} in Turkish indefinite nominal compounds},
	journal = {Dil},
	volume = "131",
	number = "",
	pages = "57--75"
}